@article{MohantyADGSC16,
  author    = {Vikram Mohanty and
               Shubh Agrawal and
               Shaswat Datta and
               Arna Ghosh and
               Vishnu Dutt Sharma and
               Debashish Chakravarty},
  title     = {DeepVO: {A} Deep Learning approach for Monocular Visual Odometry},
  journal   = {CoRR},
  volume    = {abs/1611.06069},
  year      = {2016},
  url       = {http://arxiv.org/abs/1611.06069},
  timestamp = {Thu, 01 Dec 2016 19:32:08 +0100},
  biburl    = {http://dblp.uni-trier.de/rec/bib/journals/corr/MohantyADGSC16},
  bibsource = {dblp computer science bibliography, http://dblp.org}
}

@article{ClarkWWMT17,
  author    = {Ronald Clark and
               Sen Wang and
               Hongkai Wen and
               Andrew Markham and
               Niki Trigoni},
  title     = {VINet: Visual-Inertial Odometry as a Sequence-to-Sequence Learning
               Problem},
  journal   = {CoRR},
  volume    = {abs/1701.08376},
  year      = {2017},
  url       = {http://arxiv.org/abs/1701.08376},
  timestamp = {Wed, 01 Feb 2017 17:47:56 +0100},
  biburl    = {http://dblp.uni-trier.de/rec/bib/journals/corr/ClarkWWMT17},
  bibsource = {dblp computer science bibliography, http://dblp.org}
}

@article{DonahueHGRVSD14,
  author    = {Jeff Donahue and
               Lisa Anne Hendricks and
               Sergio Guadarrama and
               Marcus Rohrbach and
               Subhashini Venugopalan and
               Kate Saenko and
               Trevor Darrell},
  title     = {Long-term Recurrent Convolutional Networks for Visual Recognition
               and Description},
  journal   = {CoRR},
  volume    = {abs/1411.4389},
  year      = {2014},
  url       = {http://arxiv.org/abs/1411.4389},
  timestamp = {Mon, 01 Dec 2014 14:32:13 +0100},
  biburl    = {http://dblp.uni-trier.de/rec/bib/journals/corr/DonahueHGRVSD14},
  bibsource = {dblp computer science bibliography, http://dblp.org}
}

@article{JiaSDKLGGD14,
  author    = {Yangqing Jia and
               Evan Shelhamer and
               Jeff Donahue and
               Sergey Karayev and
               Jonathan Long and
               Ross B. Girshick and
               Sergio Guadarrama and
               Trevor Darrell},
  title     = {Caffe: Convolutional Architecture for Fast Feature Embedding},
  journal   = {CoRR},
  volume    = {abs/1408.5093},
  year      = {2014},
  url       = {http://arxiv.org/abs/1408.5093},
  timestamp = {Fri, 12 Sep 2014 12:44:21 +0200},
  biburl    = {http://dblp.uni-trier.de/rec/bib/journals/corr/JiaSDKLGGD14},
  bibsource = {dblp computer science bibliography, http://dblp.org}
}